% Encoding: UTF-8

@Article{Janes2013,
  author  = {Janes, Andrea and Sillitti, Alberto and Succi, Giancarlo},
  date    = {2013},
  title   = {Effective Dashboard Design},
  url     = {https://www.researchgate.net/profile/Alberto-Sillitti/publication/286996830_Effective_dashboard_design/links/57c699e208aec24de0414df1/Effective-dashboard-design.pdf},
  urldate = {2022-12-14},
}

@Article{Kruglov2021,
  author       = {Kruglov,Artem and Strugar, Dragos and Succi​, Giancarlo},
  date         = {2021},
  journaltitle = {PeerJ Computer Science},
  title        = {Tailored performance dashboards—an evaluation of the state of the art},
  doi          = {10.7717/peerj-cs.625},
}

@Article{Ji2014,
  author  = {Ji,Min and Michel,Christine and Lavoué, and George, Sébastien},
  date    = {2014},
  title   = {DDART, a Dynamic Dashboard for Collection, Analysisand Visualization of Activity and Reporting Traces},
  url     = {https://hal.archives-ouvertes.fr/hal-01130922/document},
  urldate = {2022-12-14},
}

@Comment{jabref-meta: databaseType:biblatex;}
